@book{chakraborty2013statistical,
    title={Statistical methods for dynamic treatment regimes},
    author={Chakraborty, Bibhas},
    year={2013},
    publisher={Springer}
}

@article{Kumyaito2018,
    author = {Kumyaito, Nattapon and Yupapin, Preecha and Tamee, Kreangsak},
    doi = {10.1186/s13104-017-3120-9},
    issn = {17560500},
    journal = {BMC Research Notes},
    keywords = {Particle Swarm Optimization,Physiological constraints,Sports training plan,Training-performance interaction models},
    pmid = {29310699},
    title = {{Planning a sports training program using Adaptive Particle Swarm Optimization with emphasis on physiological constraints}},
    year = {2018}
}

@misc{gatys2015neural,
    title={A Neural Algorithm of Artistic Style}, 
    author={Leon A. Gatys and Alexander S. Ecker and Matthias Bethge},
    year={2015},
    eprint={1508.06576},
    archivePrefix={arXiv},
    primaryClass={cs.CV}
}

@misc{svexa, 
    title={Exercise Analytics: Silicon Valley Exercise Analytics},
    url={https://www.svexa.com/},
    journal={Svexa}
    } 
 
@article{NLPCA,
    author = {Kramer, Mark A.},
    title = {Nonlinear principal component analysis using autoassociative neural networks},
    journal = {AIChE Journal},
    volume = {37},
    number = {2},
    pages = {233-243},
    doi = {https://doi.org/10.1002/aic.690370209},
    url = {https://aiche.onlinelibrary.wiley.com/doi/abs/10.1002/aic.690370209},
    eprint = {https://aiche.onlinelibrary.wiley.com/doi/pdf/10.1002/aic.690370209},
    year = {1991}
}

@misc{yuan2019personalized,
    title={Personalized sentence generation using generative adversarial networks with author-specific word usage}, 
    author={Chenhan Yuan and Yi-Chin Huang},
    year={2019},
    eprint={1904.09442},
    archivePrefix={arXiv},
    primaryClass={cs.CL}
}

@misc{dhariwal2020jukebox,
    title={Jukebox: A Generative Model for Music}, 
    author={Prafulla Dhariwal and Heewoo Jun and Christine Payne and Jong Wook Kim and Alec Radford and Ilya Sutskever},
    year={2020},
    eprint={2005.00341},
    archivePrefix={arXiv},
    primaryClass={eess.AS}
}

@misc{goodfellow2014generative,
    title={Generative Adversarial Networks}, 
    author={Ian J. Goodfellow and Jean Pouget-Abadie and Mehdi Mirza and Bing Xu and David Warde-Farley and Sherjil Ozair and Aaron Courville and Yoshua Bengio},
    year={2014},
    eprint={1406.2661},
    archivePrefix={arXiv},
    primaryClass={stat.ML}
}

@misc{oord2018neural,
    title={Neural Discrete Representation Learning}, 
    author={Aaron van den Oord and Oriol Vinyals and Koray Kavukcuoglu},
    year={2018},
    eprint={1711.00937},
    archivePrefix={arXiv},
    primaryClass={cs.LG}
}

@article{Foster2001ANA,
    title={A New Approach to Monitoring Exercise Training},
    author={C. Foster and J. A. Florhaug and J. Franklin and L. Gottschall and L. A. Hrovatin and S. Parker and P. Doleshal and C. Dodge},
    journal={Journal of Strength and Conditioning Research},
    year={2001},
    volume={15},
    pages={109–115}
}

@article{Borresen2009,
    author = {Borresen, Jill and Lambert, Michael Ian},
    doi = {10.2165/11317780-000000000-00000},
    issn = {1179-2035},
    journal = {Sports Medicine},
    number = {9},
    pages = {779--795},
    title = {{The Quantification of Training Load, the Training Response and the Effect on Performance}},
    volume = {39},
    year = {2009}
}

@article{Liu2019,
    author = {Liu, Ning and Liu, Ying and Logan, Brent and Xu, Zhiyuan and Tang, Jian and Wang, Yanzhi},
    doi = {10.1038/s41598-018-37142-0},
    file = {:Users/Rikard/Library/Application Support/Mendeley Desktop/Downloaded/Liu et al. - 2019 - Learning the Dynamic Treatment Regimes from Medical Registry Data through Deep Q-network.pdf:pdf},
    issn = {20452322},
    journal = {Scientific Reports},
    month = {12},
    number = {1},
    pmid = {30728403},
    publisher = {Nature Publishing Group},
    title = {{Learning the Dynamic Treatment Regimes from Medical Registry Data through Deep Q-network}},
    volume = {9},
    year = {2019}
}

@article{mujika1995effects,
    title={Effects of training on performance in competitive swimming},
    author={Mujika, Inigo and Chatard, Jean-Claude and Busso, Thierry and Geyssant, Andr{\'e} and Barale, Fr{\'e}d{\'e}ric and Lacoste, Lucien},
    journal={Canadian Journal of Applied Physiology},
    volume={20},
    number={4},
    pages={395--406},
    year={1995},
    publisher={NRC Research Press Ottawa, Canada}
}

@article{mujika1996modeled,
    title={Modeled responses to training and taper in competitive swimmers.},
    author={Mujika, I{\~n}igo and Busso, Thierry and Lacoste, Lucien and Barale, Fr{\'e}d{\'e}ric and Geyssant, Andr{\'e} and Chatard, Jean Claude},
    journal={Medicine and science in sports and exercise},
    volume={28},
    number={2},
    pages={251--258},
    year={1996}
}

@article{thomas2009computer,
    title={Computer simulations assessing the potential performance benefit of a final increase in training during pre-event taper},
    author={Thomas, Luc and Mujika, I{\~n}igo and Busso, Thierry},
    journal={The Journal of Strength \& Conditioning Research},
    volume={23},
    number={6},
    pages={1729--1736},
    year={2009},
    publisher={LWW}
}

@book{bompa1983theory,
    title={Theory and Methodology of Training: The Key to Athletic Performance},
    author={Bompa, T.O. and Jones, D.},
    isbn={9780840329349},
    lccn={83080035},
    year={1983},
    publisher={Kendall/Hunt Publishing Company}
}

@article{busso2006using,
  title={Using mathematical modeling in training planning},
  author={Busso, Thierry and Thomas, Luc},
  journal={International journal of sports physiology and performance},
  volume={1},
  number={4},
  pages={400--405},
  year={2006},
  publisher={Human Kinetics, Inc.}
}

@article{chatard1999training,
  title={Training load and performance in swimming},
  author={Chatard, Jean-Claude and Mujika, I},
  journal={Biomechanics and medicine in swimming VIII},
  pages={429--434},
  year={1999},
  publisher={Jyv{\"a}skyl{\"a}, Finland: University of Jyv{\"a}skyl{\"a}}
}

@article{geurts2006extremely,
  title={Extremely randomized trees},
  author={Geurts, Pierre and Ernst, Damien and Wehenkel, Louis},
  journal={Machine learning},
  volume={63},
  number={1},
  pages={3--42},
  year={2006},
  publisher={Springer}
}

@article{issurin2010new,
  title={New horizons for the methodology and physiology of training periodization},
  author={Issurin, Vladimir B},
  journal={Sports medicine},
  volume={40},
  number={3},
  pages={189--206},
  year={2010},
  publisher={Springer}
}

@article{smith2003framework,
  title={A framework for understanding the training process leading to elite performance},
  author={Smith, David J},
  journal={Sports medicine},
  volume={33},
  number={15},
  pages={1103--1126},
  year={2003},
  publisher={Springer}
}

@article{thomas2008model,
  title={A model study of optimal training reduction during pre-event taper in elite swimmers},
  author={Thomas, Luc and Mujika, I{\~n}igo and Busso, Thierry},
  journal={Journal of sports sciences},
  volume={26},
  number={6},
  pages={643--652},
  year={2008},
  publisher={Taylor \& Francis}
}

@article{whitley1994genetic,
  title={A genetic algorithm tutorial},
  author={Whitley, Darrell},
  journal={Statistics and computing},
  volume={4},
  number={2},
  pages={65--85},
  year={1994},
  publisher={Springer}
}

@article{halson2014monitoring,
  title={Monitoring training load to understand fatigue in athletes},
  author={Halson, Shona L},
  journal={Sports medicine},
  volume={44},
  number={2},
  pages={139--147},
  year={2014},
  publisher={Springer}
}

@inproceedings{skerik2018automated,
  title={Automated Training Plan Generation for Athletes},
  author={Skerik, Tomas and Chrpa, Lukas and Faber, Wolfgang and Vallati, Mauro},
  booktitle={2018 IEEE International Conference on Systems, Man, and Cybernetics (SMC)},
  pages={3865--3870},
  year={2018},
  organization={IEEE}
}

@incollection{fister2019generating,
  title={Generating Training Plans Based on Existing Sports Activities},
  author={Fister, Iztok and Fister Jr, Iztok and Fister, Du{\v{s}}an},
  booktitle={Computational Intelligence in Sports},
  pages={139--180},
  year={2019},
  publisher={Springer}
}

@book{holland1992adaptation,
  title={Adaptation in natural and artificial systems: an introductory analysis with applications to biology, control, and artificial intelligence},
  author={Holland, John Henry and others},
  year={1992},
  publisher={MIT press}
}

@inproceedings{silacci2019designing,
  title={Designing an e-Coach to Tailor Training Plans for Road Cyclists},
  author={Silacci, Alessandro and Abou Khaled, Omar and Mugellini, Elena and Caon, Maurizio},
  booktitle={International Conference on Human Systems Engineering and Design: Future Trends and Applications},
  pages={671--677},
  year={2019},
  organization={Springer}
}

@article{kumyaito2018planning,
  title={Planning a sports training program using Adaptive Particle Swarm Optimization with emphasis on physiological constraints},
  author={Kumyaito, Nattapon and Yupapin, Preecha and Tamee, Kreangsak},
  journal={BMC research notes},
  volume={11},
  number={1},
  pages={1--6},
  year={2018},
  publisher={BioMed Central}
}

@inproceedings{kumyaito2016intelligence,
  title={Intelligence Planning for Aerobic Training Using a Genetic Algorithm},
  author={Kumyaito, Nattapon and Tamee, Kreangsak},
  booktitle={International Symposium on Natural Language Processing},
  pages={196--207},
  year={2016},
  organization={Springer}
}

@article{banister1991modeling,
  title={Modeling elite athletic performance},
  author={Banister, Eric W},
  journal={Physiological testing of elite athletes},
  volume={347},
  pages={403--422},
  year={1991}
}

@article{busso1997modeling,
  title={Modeling of adaptations to physical training by using a recursive least squares algorithm},
  author={Busso, Thierry and Denis, Christian and Bonnefoy, R{\'e}gis and Geyssant, Andr{\'e} and Lacour, Jean-Ren{\'e}},
  journal={Journal of applied physiology},
  year={1997},
  publisher={American Physiological SocietyBethesda, MD}
}

@article{borg1982psychophysical,
  title={Psychophysical bases of perceived exertion.},
  author={Borg, Gunnar AV},
  journal={Medicine \& science in sports \& exercise},
  year={1982},
  publisher={Lippincott Williams \& Wilkins}
}

@article{calvert1976systems,
  title={A systems model of the effects of training on physical performance},
  author={Calvert, Thomas W and Banister, Eric W and Savage, Margaret V and Bach, Tim},
  journal={IEEE Transactions on systems, man, and cybernetics},
  number={2},
  pages={94--102},
  year={1976},
  publisher={IEEE}
}
@article{segal2011multivariate,
  title={Multivariate random forests},
  author={Segal, Mark and Xiao, Yuanyuan},
  journal={Wiley interdisciplinary reviews: Data mining and knowledge discovery},
  volume={1},
  number={1},
  pages={80--87},
  year={2011},
  publisher={Wiley Online Library}
}

@article{read2011classifier,
  title={Classifier chains for multi-label classification},
  author={Read, Jesse and Pfahringer, Bernhard and Holmes, Geoff and Frank, Eibe},
  journal={Machine learning},
  volume={85},
  number={3},
  pages={333},
  year={2011},
  publisher={Springer}
}
@article{gerevini2003planning,
  title={Planning through stochastic local search and temporal action graphs in LPG},
  author={Gerevini, Alfonso and Saetti, Alessandro and Serina, Ivan},
  journal={Journal of Artificial Intelligence Research},
  volume={20},
  pages={239--290},
  year={2003}
}
@article{morton1990modeling,
  title={Modeling human performance in running},
  author={Morton, R Hugh and Fitz-Clarke, John R and Banister, Eric W},
  journal={Journal of applied physiology},
  volume={69},
  number={3},
  pages={1171--1177},
  year={1990}
}

@article{busso2003variable,
  title={Variable dose-response relationship between exercise training and performance.},
  author={Busso, Thierry},
  journal={Medicine and science in sports and exercise},
  volume={35},
  number={7},
  pages={1188--1195},
  year={2003}
}

@article{seiler2006quantifying,
  title={Quantifying training intensity distribution in elite endurance athletes: is there evidence for an “optimal” distribution?},
  author={Seiler, K Stephen and Kjerland, Glenn {\O}vrevik},
  journal={Scandinavian journal of medicine \& science in sports},
  volume={16},
  number={1},
  pages={49--56},
  year={2006},
  publisher={Wiley Online Library}
}